<?xml version="1.0" encoding="UTF-8"?><collection xmlns="http://www.loc.gov/MARC21/slim"><record><leader>00395nam--2200133-i-4500</leader><controlfield tag="001">000000040</controlfield><controlfield tag="002">20161230</controlfield><controlfield tag="005">20161230201023</controlfield><controlfield tag="008">060222s1000------------r-----000-0-eng-d</controlfield><datafield ind1=" " ind2=" " tag="080"><subfield code="a">621.039.54(043)</subfield></datafield><datafield ind1=" " ind2=" " tag="100"><subfield code="a">Gheorghiu, Constantin E</subfield></datafield><datafield ind1=" " ind2=" " tag="245"><subfield code="a">Studiul comportarii gazelor de fisiune in bioxidul de uraniu indigen.teza</subfield></datafield><datafield ind1=" " ind2=" " tag="260"><subfield code="a">Bucuresti, Institul Central De Fizica.  148 P</subfield></datafield><datafield ind1=" " ind2=" " tag="852"><subfield code="a">74143</subfield></datafield></record></collection>